@inproceedings{liang2017provchain,
  title={Provchain: A blockchain-based data provenance architecture in cloud environment with enhanced privacy and availability},
  author={Liang, Xueping and Shetty, Sachin and Tosh, Deepak and Kamhoua, Charles and Kwiat, Kevin and Njilla, Laurent},
  booktitle={Proceedings of the 17th IEEE/ACM International Symposium on Cluster, Cloud and Grid Computing},
  pages={468--477},
  year={2017},
  organization={IEEE Press}
}

@article{kim2018toward,
  title={Toward an ontology-driven blockchain design for supply-chain provenance},
  author={Kim, Henry M and Laskowski, Marek},
  journal={Intelligent Systems in Accounting, Finance and Management},
  volume={25},
  number={1},
  pages={18--27},
  year={2018},
  publisher={Wiley Online Library}
}


@inproceedings{neisse2017blockchain,
  title={A blockchain-based approach for data accountability and provenance tracking},
  author={Neisse, Ricardo and Steri, Gary and Nai-Fovino, Igor},
  booktitle={Proceedings of the 12th International Conference on Availability, Reliability and Security},
  pages={14},
  year={2017},
  organization={ACM}
}


@article{ramachandran2017using,
  title={Using Blockchain and smart contracts for secure data provenance management},
  author={Ramachandran, Aravind and Kantarcioglu, Dr and others},
  journal={arXiv preprint arXiv:1709.10000},
  year={2017}
}

@article{deshpande2017distributed,
  title={Distributed Ledger Technologies/Blockchain: Challenges, opportunities and the prospects for standards},
  author={Deshpande, Advait and Stewart, Katherine and Lepetit, Louise and Gunashekar, Salil},
  journal={Overview report The British Standards Institution (BSI)},
  year={2017}
}

@article{abeyratne2016blockchain,
  title={Blockchain ready manufacturing supply chain using distributed ledger},
  author={Abeyratne, Saveen A and Monfared, Radmehr P},
  year={2016},
  publisher={{\copyright} The Authors. Published by eSAT}
}


@article{mattila2016product,
  title={Product-centric information management: A case study of a shared platform with blockchain technology},
  author={Mattila, Juri and Sepp{\"a}l{\"a}, Timo and Holmstr{\"o}m, Jan},
  year={2016}
}


@article{toyoda2017novel,
  title={A novel blockchain-based product ownership management system (POMS) for anti-counterfeits in the post supply chain},
  author={Toyoda, Kentaroh and Mathiopoulos, P Takis and Sasase, Iwao and Ohtsuki, Tomoaki},
  journal={IEEE Access},
  volume={5},
  pages={17465--17477},
  year={2017},
  publisher={IEEE}
}


@inproceedings{lopez13,
  title={A Secure Framework to Authenticate Remotely Digital Documents based on The TLS Protocol},
  author={L\'opez Pimentel, Juan C.  and Ibarra Orozco, Rodolfo E. and Ramos Fon Bon, Victor F. and Monroy, Raul},
  booktitle={Proceedings of the World Congress on Engineering 2013},
  volume = {II},
  pages={7},
  year={2013},
  organization={WCE}
}

@misc{coindesk,
title={Four Genuine Blockchain Use Cases},
author={Greenspan, Gideon},
year={2106},
URL={https://www.coindesk.com/four-genuine-blockchain-use-cases/}
}

@article{atzori2015blockchain,
  title={Blockchain technology and decentralized governance: Is the state still necessary?},
  author={Atzori, Marcella},
  year={2015}
}

@article{art,
author = {Lawrence M. Shindell},
title = {Provenance and title risks in the art industry: mitigating these risks in museum management and curatorship},
journal = {Museum Management and Curatorship},
volume = {31},
number = {5},
pages = {406-417},
year  = {2016},
publisher = {Routledge},
doi = {10.1080/09647775.2016.1227569},

URL = { 
        https://doi.org/10.1080/09647775.2016.1227569
    
},
eprint = { 
        https://doi.org/10.1080/09647775.2016.1227569
    
}

}
ystem

